%! Author = zarnold
%! Date = 9/27/20

@misc{Hayes19,
 author = {Hayes, G},
 title  = {{mlrose: Machine Learning, Randomized Optimization and SEarch package for Python}},
 year   = 2019,
 howpublished = {\url{https://github.com/gkhayes/mlrose}},
 note   = {Accessed: 20 September 2020}
}