@misc{wikipedia_2021,
    title = {Jaccard index},
    howpublished = {\url {https://en.wikipedia.org/wiki/Jaccard_index}},
    journal = {Wikipedia},
    publisher = {Wikimedia Foundation},
    year = {2020},
    month = {Aug}
}
@misc{developers_2020, title = {Elbow Method}, url = {https://www.scikit-yb.org/en/latest/api/cluster/elbow.html}, journal = {Elbow Method - Yellowbrick v1.2 documentation}, author = {developers, scimitar-yb}, year = {2020} }
@misc{Dua:2019,
    author = "Dua, Dheeru and Graff, Casey",
    year = "2017",
    title = "{UCI} Machine Learning Repository",
    url = "http://archive.ics.uci.edu/ml",
    institution = "University of California, Irvine, School of Information and Computer Sciences" }

 @misc{klein_2019, title={Separating mixed signals with Independent Component Analysis}, url={https://towardsdatascience.com/separating-mixed-signals-with-independent-component-analysis-38205188f2f4}, journal={Medium}, publisher={Towards Data Science}, author={Klein, Carsten}, year={2019}, month={May}}
