@misc{Burlap20,
author = "James MacGlashan",
    title = "BURLAP",
    year = {2020},
    howpublished = {\url{http://burlap.cs.brown.edu/faq.html#cite}},
}